@article{sympy,
 title = {Sym{P}y: symbolic computing in {P}ython},
 author = {Meurer, Aaron and Smith, Christopher P. and Paprocki, Mateusz and \v{C}ert\'{i}k, Ond\v{r}ej and Kirpichev, Sergey B. and Rocklin, Matthew and Kumar, AMiT and Ivanov, Sergiu and Moore, Jason K. and Singh, Sartaj and Rathnayake, Thilina and Vig, Sean and Granger, Brian E. and Muller, Richard P. and Bonazzi, Francesco and Gupta, Harsh and Vats, Shivam and Johansson, Fredrik and Pedregosa, Fabian and Curry, Matthew J. and Terrel, Andy R. and Rou\v{c}ka, \v{S}t\v{e}p\'{a}n and Saboo, Ashutosh and Fernando, Isuru and Kulal, Sumith and Cimrman, Robert and Scopatz, Anthony},
 year = 2017,
 month = jan,
 keywords = {Python, Computer algebra system, Symbolics},
 volume = 3,
 pages = {e103},
 journal = {PeerJ Computer Science},
 issn = {2376-5992},
 doi = {10.7717/peerj-cs.103}
}

@article{lakkis13,
  title={Implicit--explicit timestepping with finite element approximation of reaction--diffusion systems on evolving domains},
  author={Lakkis, Omar and Madzvamuse, Anotida and Venkataraman, Chandrasekhar},
  journal={SIAM Journal on Numerical Analysis},
  volume={51},
  number={4},
  pages={2309--2330},
  year={2013},
  publisher={SIAM}
}


@phdthesis{sebamPhD,
  title={Two-scale models for reactive transport and evolving microstructure},
  author={Meier, S. A.},
  year={2008},
  school={Universit\"at Bremen, Germany}
}


@phdthesis{lic,
  author = {Richardson, O. M.},
  title = {Mathematical analysis and approximation of a multiscales elliptic-parabolic system},
  school = {Karlstad University, Sweden},
  year = {2018},
  type = {Licentiate Thesis}
}

@article{dealII,
        title   = {The \texttt{deal.II} Library, Version 9.0},
        author  = {G. Alzetta and D. Arndt and W. Bangerth and V. Boddu and
                   B. Brands and D. Davydov and R. Gassmoeller and T. Heister and
                   L. Heltai and K. Kormann and M. Kronbichler and M. Maier and
                   J.-P. Pelteret and B. Turcksin and D. Wells},
        journal = {Journal of Numerical Mathematics},
        year    = {2018},
        volume  = {26},
        number  = {4},
        pages   = {173--183},
        doi     = {10.1515/jnma-2018-0054}
}

@manual{dealiiscale,
	title		= "\texttt{deal.II} multiscale FEM implementation",
	author		= "O.M. Richardson",
	address		= "https://github.com/0mar/two-scale-pressures",
	year		= "2019",
	note 		= "Multiscale Finite Element simulation of a two-scale pressure problem in \texttt{deal.II}"
}

